%# -*- coding: utf-8-unix -*-

@article{Stouffer11,
  author = {Stouffer and Falco and Scarfone},
  title = {{Guide to Industrial Control Systems (ICS) Security}},
  journal = {NIST SP},
  year = {2011},
  volume = {82},
  pages = {800},
  publisher = {AIP}
}

@book{Weiss10,
  title = {{Protecting Industrial Control Systems from Electronic Threats}},
  publisher = {Momentum Press},
  year = {2010},
  author = {Weiss and Joseph}
}

@article{Hentea08,
  author = {Hentea and Mariana},
  title = {{Improving Security for SCADA Control Systems}},
  journal = {Interdisciplinary Journal of Information},
  year = {2008},
  volume = {3},
  pages = {1032-1041}
}

@thesis{gervais12,
  author =       {Gervais A},
  title =        {Security analysis of industrial control systems},
  school =       {Aalto University-KTH Stockholm},
  year =         2012,
  language =     {english}
}

@article{Roberts08,
  title =        {Zotob, PnP Worms Slam 13 DaimlerChrysler Plants},
  author =       {Roberts, P. F.},
  year =         2008,
  url =          {http://www.eweek.com}
}

@article{Krebs08,
  title =        {Cyber Incident Blamed for Nuclear Power Plant Shutdown},
  author =       {Krebs, B.},
  year =         2008,
  url =          {http://www.washingtonpost.com}
}

@article{Grad10,
  title =        {Engineers who hacked into L.A. traffic signal computer, jamming streets, sentenced},
  author =       {Grad, S.},
  year =         2008,
  url =          {http://latimesblogs.latimes.com}
}

@article{Leall09,
  title =        {Lessons from an Insider Attack on SCADA Systems},
  author =       {Leall, N.},
  year =         2009,
  url =          {http://blogs.cisco.com/security/lessons_from_an_insider_attack_on_scada_systems/}
}

@article{Zetter10,
  title =        {Clues Suggest Stuxnet Virus Was Built for Subtle Nuclear Sabotage},
  author =       {Zetter, K.},
  year =         2010,
  url =          {http://www.wired.com/threatlevel/2010/11/stuxnet-clues/}
}

@article{Leyden08,
  title =        {Polish Teen Derails Tram after Hacking Train Network},
  author =       {Leyden, J.},
  year =         2008,
  url =          { http://www.theregister.co.uk/2008/01/11/tram_hack/}
}

@article{Meserve07,
  title =        {Sources: Staged Cyber Attack Reveals Vulnerability in Power Grid},
  author =       {Meserve, J.},
  year =         2007,
  url =          {http://articles.cnn.com/2007-09-26/us/power.at.risk_1_generator-cyber-attack-electric-infrastructure?_s=PM:US}
}

@article{Byres03,
  author = {Byres and E. and J. Lowe},
  title = {{The Myths and Facts behind Cyber Security Risks for Industrial Control Systems}},
  journal = {in ISA Process Control Conference},
  year = {2003},
  pages = {752-759}
}

@article{1Pietre11,
  author = {Pietre-Cambac ed es and L. and M. Trischler and G. N. Ericsson},
  title = {{Cybersecurity Myths on Power Control Systems: 21 Misconceptions and False Beliefs}},
  journal = {IEEE Transactions on Power Delivery},
  year = {2011},
  volume = {19},
  pages = {863-877}
}

@article{1McLaughlin09,
  author = {McLaughlin and S., D. Podkuiko and P. McDaniel},
  title = {{Energy Theft in the Advanced Metering Infrastructure}},
  journal = { in Proceedings of the 4th International Workshop on Critical Infrastructure Security (CRITIS)},
  year = {2009},
  pages = {1233-1241}
}

@article{1McLaughlin10,
  author = {McLaughlin and S., D. Podkuiko and S. Miadzvezhanka, A. Delozier, and P. McDaniel},
  title = {{Multi-vendor Penetration Testing in the Advanced Metering Infrastructure}},
  journal = {in Proceedings of the 26th Annual Computer Security Applications Conference (ACSAC)},
  year = {2010},
  pages = {2312-2321}
}

@article{1Liu09,
  author = {Liu, Y. and P. Ning and M. K. Reiter},
  title = {{False Data Injection Attacks against State Estimation in Electric Power Grids}},
  journal = {in Proceedings of the 16th ACM Conference on Computer and Communications Security},
  year = {2009},
  pages = {456-463}
}

@article{Liu11,
  author = {Y. Liu and P. Ning and M. K. Reiter},
  title = {{False data injection attacks against state estimation in electric power grids}},
  journal = {ACM Trans. Inf. Syst. Secur},
  year = {2011},
  volume = {14}
}

@article{Zonouz12,
  author = {S. Zonouz and K. Rogers and R. Berthier and R. Bobba and W. Sanders},
  title = {{Scpse: Security-oriented cyber-physical state estimation for power grid critical infrastructures}},
  journal = {IEEE Transactions on Smart Grid},
  year = {2012},
  volume = {3},
  pages = {1790-1799}
}

@article{Liu092,
  author = {L. Jia and R. J. Thomas and L. Tong},
  title = {{Impacts of malicious data on realtime price of electricity market operations}},
  journal = {In HICSS},
  year = {2012},
  pages = {1907-1914}
}

@article{Teixeira12,
  author = {A. Teixeira and henrik Sandberg and G. Dan and K.-H. Johansson},
  title = {{Optimal power flow: Closing the loop over corrupted data}},
  journal = {In Proc. of American Control Conference},
  year = {2012},
  pages = {633-641}
}

@article{Xie11,
  author = {L. Xie and Y. Mo, and B. Sinopoli},
  title = {{Integrity data attacks in power market operations}},
  journal = {IEEE Trans. Smart Grid},
  year = {2011},
  volume = {2(4)},
  pages = {659-666}
}

@article{Meserve072,
  title =        {Mouse click could plunge city into darkness, experts say},
  author =       {Meserve, J.},
  year =         2007,
  url =          {http://www.cnn.com/}
}

@article{Kushner07,
  title =        {The real story of Stuxnet},
  author =       {D. Kushner},
  year =         2007,
  url =          {http://spectrum.ieee.org/telecom/security/the-real-story-of-stuxnet}
}

@article{Chen11,
  author = {T. M. Chen and S. Abu-Nimeh},
  title = {{Lessons from Stuxnet}},
  journal = {Computer},
  year = {2011},
  volume = {44},
  pages = {91-93}
}

@article{Line14,
  author = {M. B. Line and A. Zand and G. Stringhini and R. Kemmerer},
  title = {{Targeted attacks against industrial control systems: Is the power industry prepared?}},
  journal = {in Proc. 2nd Workshop
Smart Energy Grid Security},
  year = {2014},
  pages = {13-22}
}

@article{Miller15,
  title =        {Remote exploitation of an unaltered passenger vehicle},
  author =       {C. Miller and C. Valasek},
  year =         2015,
  url =          {https://www.defcon.org/html/defcon-23/dc-23-speakers.html#Miller}
}

@article{Thomas15,
  title =        {Hackers demo Jeep security hack},
  author =       {K. Thomas},
  year =         2015,
  url =          { http://www.welivesecurity.com/2015/07/22/hackers-demo-jeep-security-hack/}
}

@article{Byres09,
  author = {Byres E.J, Eng P.},
  title = {{Cyber Security And The Pipeline Control System}},
  journal = {Pipeline \& Gas Journal},
  year = {2009},
  volume = {11},
  pages = {236-244}
}

@article{Byres03,
  author = {E. Byres and J. Lowe},
  title = {{The myths and facts behind cyber security risks for industrial control systems}},
  journal = {in Proc. ISA Process Control Conf},
  year = {2003},
  pages = {412-421}
}

@article{Pietre11,
  author = {L. Pietre-Cambacedes and M. Trischler and
G. N. Ericsson},
  title = {{Cybersecurity myths on power control systems: 21 misconceptions and false beliefs}},
  journal = {IEEE Trans. Power Delivery},
  year = {2011},
  volume = {26},
  pages = {161-172}
}

@article{Weiss09,
  author = {J. Weiss},
  title = {{Are the NERC CIPS making the grid less reliable}},
  journal = {in Proc. Control Global},
  year = {2009},
  pages = {345-351}
}

@article{Beresford11,
  author = {D. Beresford},
  title = {{Exploiting Siemens Simatic S7 PLCs}},
  journal = {in Proc. Black Hat USA},
  year = {2011},
  pages = {2316-2321}
}

@article{Newman11,
  author = {T. Newman and T. Rad and J. Strauchs},
  title = {{SCADA \& PLC vulnerabilities in correctional facilities}},
  journal = {white paper},
  year = {2011}
}

@article{Blumsack12,
  author = {S. Blumsack and A. Fernandez},
  title = {{Ready or not, here comes the smart grid}},
  journal = {Energy},
  year = {2012},
  volume = {37},
  pages = {61-68}
}

@article{King01,
  title =        {The economics of real-time and time-of-use pricing for residential consumers},
  author =       {C. S. King},
  year =         2001,
  institution =  {American Energy Institute}
}

@article{McLaughlin092,
  author = {S. McLaughlin and D. Podkuiko and P. McDaniel},
  title = {{Energy theft in the advanced metering infrastructure}},
  journal = { in Proc. 4th Int. Workshop Critical Infrastructure Protection},
  year = {2009},
  pages = {1006-1011}
}

@article{McLaughlin102,
  author = {S. McLaughlin and D. Podkuiko and S. Miadzvezhanka and A. Delozier and P. McDaniel},
  title = {{Multi-vendor penetration testing in the advanced metering infrastructure}},
  journal = {in Proc. 26th Annu. Comput. Security Appl. Conf},
  year = {2010}
}

@article{Duqu11,
  title =        {Duqu: A Stuxnet-like malware found in the wild},
  author =       {Laboratory of Cryptography and System Security (CrySyS)},
  year =         2011,
  institution =  {Budapest Univ. Technol. Econ. and Budapest and Hungary}
}

@article{McLaughlin112,
  author = {S. McLaughlin},
  title = {{On dynamic malware payloads aimed at programmable logic controllers}},
  journal = {in Proc. 6th USENIX Workshop Hot Topics Security},
  year = {2011}
}

@book{Chevillat08,
 author    = {C. Chevillat and D. Carrington and P. Strooper and J. Su ¨Q and L. Wildman},
 title     = {Model-based generation of interlocking controller software from control tables},
 publisher = {Springer-Verlag},
 address   = {Berlin, Germany},
 PAGES = {349–360},
 year      = 2008,
}

@article{PROFIBUS10,
  title =        {IMS research estimates top position for PROFINET},
  author =       {PROFIBUS},
  year =         2010,
  url =  {http://www.profibus.com/newspress/detail-view/article/ims-research-est imates-top-position-for-profinet/}
}

@article{Liu10,
  author = {Y. Liu and P. Ning and M. K. Reiter},
  title = {{False data injection attacks in control systems}},
  journal = { in Proc. 1st Workshop Secure Control Syst},
  year = {2010}
}

@article{Mo10,
  author = {Y. Mo and B. Sinopoli},
  title = {{False data injection attacks in control systems}},
  journal = { in Proc. 1st Workshop Secure Control Syst},
  year = {2010}
}

@article{mclaughlinS2014,
  author = {S.~McLaughlin and S.~Zonouz},
  title = {{Controller-aware false data injection against programmable logic controllers}},
  journal = {Smart Grid Communications (SmartGridComm), 2014 IEEE International Conference on. IEEE},
  year = {2014},
  pages = {848-853}
}

@article{pang2015,
  author = {Z.~Pang and F.~Hou and Y.~Zhou and D.~Sun},
  title = {{False data injection attacks for output tracking control systems}},
  journal = {Control Conference (CCC), 2015 34th Chinese},
  year = {2015},
  pages = {6747-6752}
}

@article{roth2012,
  author = {M.~Roth and S.~Schneider and J.J.~Lesage},
  title = {{Fault detection and isolation in manufacturing systems with an identified discrete event model}},
  journal = {International Journal of Systems Science},
  year = {2012},
  pages = {1826-1841}
}

@article{garcia2012,
  author = {D.~Garcia-Alvarez and M.J.~Fuente and G.I.~Sainz},
  title = {{Fault detection and isolation in transient states using principal component analysis}},
  journal = {Journal of Process Control},
  year = {2012},
  pages = {551-563}
}

@article{klein2005,
  author = {S.~Klein and S.~Litz and J.J.~Lesage},
  title = {{Fault Detection of Discrete Event Systems Using an Identification Approach}},
  journal = {in Proceedings of the 16th IFAC World Congress},
  year = {2005},
  pages = {17-22}
}

@article{Abadi09,
  author = {M. Abadi and M. Budiu and U. Erlingsson and J. Ligatti},
  title = {{Control-flow integrity: Principles, implementations, applications}},
  journal = {ACM Trans. Inf. Syst. Security},
  year = {2009},
  volume = {13},
  pages = {127-138}
}

@article{TSV2014,
  author = {S.~McLaughlin and S.~Zonouz and D.~Pohly and P.~McDaniel},
  title = {{A trusted safety verifier for process controller code}},
  journal = {In Proc. Network and Distributed System Security Symposium},
  year = {2014},
  pages = {634-645}
}

@article{McLaughlin13,
  author = {S.~McLaughlin},
  title = {{Stateful policy enforcement for control system device usage}},
  journal = {in Proc. 29th Annu. Comput. Security Appl. Conf.},
  year = {2013},
  pages = {877-884}
}

@article{Zonouz2014,
  author = {Zonouz S and Rrushi J and McLaughlin S},
  title = {{Detecting industrial control malware using automated PLC code analytics}},
  journal = {IEEE Security \& Privacy},
  year = {2010},
  pages = {1006-1011}
}

@article{Sandberg10,
  author = {H. Sandberg and A. Teixeira and K. H. Johansson},
  title = {{On security indices for state estimators in power networks}},
  journal = { in Proc. 1st Workshop Secure Control Syst},
  year = {2010},
  pages = {2124-2130}
}

@article{wang2014,
  author = {Wang Y and Xu Z and Zhang J},
  title = {{SRID: State Relation Based Intrusion Detection for False Data Injection Attacks in SCADA}},
  journal = {European Symposium on Research in Computer Security},
  year = {2014},
  pages = {401-418}
}

@article{Thorsley2014,
  author = {Horsley T and Wright A and Barrier C},
  title = {{Prospecting for new questions: integrating geophysics to define anthropological research objectives and inform excavation strategies at monumental sites}},
  journal = {Archaeological Prospection},
  year = {2014},
  volume = {21},
  pages = {75-86}
}

@article{liu2014,
  author = {Liuu L and Esmalifalak M and Ding Q},
  title = {{Detecting false data injection attacks on power grid by sparse optimization}},
  journal = {IEEE Transactions on Smart Grid},
  year = {2014},
  volume = {5},
  pages = {612-621}
}


